% This file was created with JabRef 2.10.
% Encoding: Cp1252

@Book{Sko05,
  Title                    = {Multivariable Feedback Control: Analysis and Design},
  Author                   = {Skogestad, S.igurd and Postlethwaite, Ian},
  Publisher                = {John Wiley \& Sons},
  Year                     = {2005},

  ISBN                     = {0470011688}
}

@Book{Zho99,
  Title                    = {Essentials of Robust Control},
  Author                   = {Zhou, Kemin with C. Doyle, John},
  Publisher                = {Prentice Hall},
  Year                     = {1999},

  ISBN                     = {0137908741}
}

@Book{Doyle90,
  Title                    = {Feedback Control Theory},
  Author                   = {Doyle, John and Francis, Bruce and Tannenbaum, Allen},
  Publisher                = {Macmillan Publishing Co.},
  Year                     = {1992},

  ISBN                     = {9780023300110}
}

@Book{Bru87,
  Title                    = {A course in H [infinity] control theory},
  Author                   = {Francis, Bruce},
  Publisher                = {Springer-Verlag},
  Year                     = {1987},

  ISBN                     = {9780023300110}
}

@misc{Fran01,
  author        = {Francois E. Cellier},
  title         = {Lecture notes on Numerical Methods for Control},
  month         = {April},
  year          = {2001},
  publisher={University of Arizona}
}


@Book{Bha12,
  Title                    = {Applied Mathematical Methods},
  Author                   = {Dasgupta, Bhaskar},
  Publisher                = {Pearson},
  Year                     = {2012},

  ISBN                     = {9788131700686}
}

